@book{Qiu_MA,
  title     = "近世代数",
  author    = "丘维声",
  year      = 2015,
  publisher = "北京大学出版社"
}

@book{LWW_AJN,
  title     = "代数学讲义",
  author    = "李文威",
  year      = 2024,
  publisher = "北京大学出版社"
}

@book{LWW_AJM,
  title     = "代数学方法",
  author    = "李文威",
  year      = 2019,
  publisher = "北京大学出版社"
}

@misc{GU_WIKI,
  author       = {WikiPedia},
  howpublished = {Website},
  title        = {Grothendieck universe},
  year         = {2024}
}